<record><leader>00000cas a22000007a 4500</leader><controlfield tag="001">37846206</controlfield><controlfield tag="008">971027d184718uuvauuu ne      0    0eng d</controlfield><datafield ind1=" " ind2=" " tag="010"><subfield code="a">sn 97066030 </subfield></datafield><datafield ind1=" " ind2=" " tag="040"><subfield code="a">NVK</subfield><subfield code="b">eng</subfield><subfield code="c">NVK</subfield><subfield code="d">OCL</subfield><subfield code="d">NVK</subfield><subfield code="d">OCLCQ</subfield><subfield code="d">OCLCF</subfield><subfield code="d">OCLCO</subfield></datafield><datafield ind1=" " ind2=" " tag="042"><subfield code="a">msc</subfield></datafield><datafield ind1=" " ind2=" " tag="043"><subfield code="a">n-us-va</subfield></datafield><datafield ind1="0" ind2=" " tag="130"><subfield code="a">Omnibus (Lexington, Va.)</subfield></datafield><datafield ind1="1" ind2="4" tag="245"><subfield code="a">The Omnibus.</subfield></datafield><datafield ind1=" " ind2=" " tag="260"><subfield code="a">[Lexington, Va. :</subfield><subfield code="b">s.n.],</subfield><subfield code="c">1847-</subfield></datafield><datafield ind1=" " ind2=" " tag="300"><subfield code="a">v.</subfield></datafield><datafield ind1="0" ind2=" " tag="362"><subfield code="a">Vol. 1, no. 1 (Apr. 3, 1847)-</subfield></datafield><datafield ind1=" " ind2=" " tag="500"><subfield code="a">College student paper.</subfield></datafield><datafield ind1=" " ind2=" " tag="588"><subfield code="a">Latest issue consulted: Vol. 1, no. 1 (Apr. 3, 1847).</subfield></datafield><datafield ind1="2" ind2="0" tag="610"><subfield code="a">Washington and Lee University</subfield><subfield code="v">Newspapers.</subfield></datafield><datafield ind1=" " ind2="0" tag="651"><subfield code="a">Lexington (Va.)</subfield><subfield code="v">Newspapers.</subfield></datafield><datafield ind1=" " ind2="7" tag="655"><subfield code="a">Newspapers.</subfield><subfield code="2">fast</subfield><subfield code="0">(OCoLC)fst01423814</subfield></datafield><datafield ind1="2" ind2="7" tag="610"><subfield code="a">Washington and Lee University.</subfield><subfield code="2">fast</subfield><subfield code="0">(OCoLC)fst00532101</subfield></datafield><datafield ind1=" " ind2="7" tag="651"><subfield code="a">Virginia</subfield><subfield code="z">Lexington.</subfield><subfield code="2">fast</subfield><subfield code="0">(OCoLC)fst01205029</subfield></datafield><datafield ind1="2" ind2=" " tag="710"><subfield code="a">Washington and Lee University.</subfield></datafield><datafield ind1=" " ind2=" " tag="752"><subfield code="a">United States</subfield><subfield code="b">Virginia</subfield><subfield code="c">Rockbridge</subfield><subfield code="d">Lexington.</subfield></datafield></record>